@article{harrell2001regression,
  title={Regression modeling strategies, with applications to linear models, survival analysis and logistic regression},
  author={Harrell, Frank E},
  journal={Springer},
  year={2001}
}

@book{friedman2001elements,
  title={The elements of statistical learning},
  author={Friedman, Jerome and Hastie, Trevor and Tibshirani, Robert},
  volume={1},
  year={2001},
  publisher={Springer series in statistics New York}
}

@book{montgomery1991diseno,
  title={Dise{\~n}o y an{\'a}lisis de experimentos},
  author={Montgomery, Douglas C},
  year={1991},
  publisher={Grupo Editorial Iberoam{\'e}rica,}
}

@book{pena2002regresion,
  title={Regresi{\'o}n y dise{\~n}o de experimentos},
  author={Pe{\~n}a, Daniel},
  year={2002}
}

@article{pena1989estadistica,
  title={Estad{\'\i}stica: modelos y m{\'e}todos},
  author={Pe{\~n}a S{\'a}nchez de Rivera, Daniel},
  journal={Vols 1 y 2. Alianza},
  year={1989}
}
