@Manual{Luque2017,
  title = {Escribir un Trabajo Fin de Estudios con R Markdown},
  author = {Pedro L. Luque-Calvo},
  year = "2017",
  howpublished = {Disponible en \url{http://destio.us.es/calvo}}
}
