@book{docarmo1990,
  title={Geometr{\'\i}a diferencial de curvas y superficies},
  author={Do Carmo, Manfredo Perdig{\~a}o},
  year={1990},
  publisher={Alianza Editorial}
}

@misc{cifre2010,
  title={Un curso de Geometr{\'\i}a diferencial},
  author={Cifre, MA Hern{\'a}ndez and Gonz{\'a}lez, JA Pastor},
  year={2010},
  publisher={Consejo Superior de Investigaciones Cient{\'\i}ficas, Madrid}
}
